<?xml version="1.0" encoding="UTF-8"?><collection xmlns="http://www.loc.gov/MARC21/slim"><record><leader>00616nam--2200169-i-4500</leader><controlfield tag="001">000022827</controlfield><controlfield tag="002">20161230</controlfield><controlfield tag="005">20161230201034</controlfield><controlfield tag="008">060222s1000------------r-----000-0-eng-d</controlfield><datafield ind1=" " ind2=" " tag="040"><subfield code="a">IFIN-HH</subfield></datafield><datafield ind1=" " ind2=" " tag="080"><subfield code="a">539.18:539.1.74</subfield></datafield><datafield ind1="1" ind2=" " tag="100"><subfield code="a">Haverfield, Artur Judd</subfield></datafield><datafield ind1="1" ind2="0" tag="245"><subfield code="a">I.the measurement of internal conversion coefficients utilizing semiconductor detectors ii.decay scheme studies of the odd-mass gold isotopes</subfield><subfield code="b">Dissertation</subfield><subfield code="c">Arthur judd haverfield</subfield></datafield><datafield ind1=" " ind2=" " tag="260"><subfield code="a">Ann Arbor, Michihan</subfield><subfield code="b">University Microfilms, Inc</subfield><subfield code="c">1966</subfield></datafield><datafield ind1=" " ind2=" " tag="300"><subfield code="a">IV + 191 P</subfield></datafield><datafield ind1=" " ind2=" " tag="852"><subfield code="a">29250</subfield><subfield code="c">539.1.07:539.1.08</subfield></datafield><datafield ind1=" " ind2=" " tag="CAT"><subfield code="a">Sys</subfield><subfield code="c">20111020</subfield><subfield code="h">134023</subfield></datafield></record></collection>